<collection xmlns="http://www.loc.gov/MARC21/slim">
<record>
  <leader>01009nam0a22002291i 450 </leader>
  <controlfield tag="001">IT\ICCU\CNCE\070536</controlfield>
  <controlfield tag="005">20110104000000.0</controlfield>
  <datafield tag="012" ind1=" " ind2=" ">
    <subfield code="a">1010 1410 1510 1110 (C) 1574 (R)</subfield>
    <subfield code="2">fei</subfield>
  </datafield>
  <datafield tag="100" ind1=" " ind2=" ">
    <subfield code="a">20070502d1574        0itac0103    ba</subfield>
  </datafield>
  <datafield tag="101" ind1=" " ind2=" ">
    <subfield code="a">ITA</subfield>
  </datafield>
  <datafield tag="102" ind1=" " ind2=" ">
    <subfield code="a">IT</subfield>
  </datafield>
  <datafield tag="200" ind1="1" ind2=" ">
    <subfield code="a">Bando e legge sopra l&apos;osseruantia de prezzi di lauori, &amp; calcine di fornaci dell&apos;Arte &amp; vniuersit ̉de fabricanti. Et quello debbano fare li muratori</subfield>
  </datafield>
  <datafield tag="210" ind1=" " ind2=" ">
    <subfield code="a">In Fiorenza</subfield>
    <subfield code="c">nel Garbo</subfield>
    <subfield code="d">appresso Francesco Tosi</subfield>
    <subfield code="d">1574</subfield>
  </datafield>
  <datafield tag="215" ind1=" " ind2=" ">
    <subfield code="a">\4! c.</subfield>
    <subfield code="d">4ʻ</subfield>
  </datafield>
  <datafield tag="620" ind1=" " ind2=" ">
    <subfield code="a">IT</subfield>
    <subfield code="d">Firenze</subfield>
  </datafield>
  <datafield tag="710" ind1="0" ind2="2">
    <subfield code="a">Universit ̉dei fabbricanti</subfield>
    <subfield code="c"> &lt;Firenze&gt;</subfield>
    <subfield code="3">8540</subfield>
  </datafield>
  <datafield tag="712" ind1="0" ind2="0">
    <subfield code="a">Tosi, Francesco</subfield>
    <subfield code="3">IT\ICCU\CNCT\000581</subfield>
    <subfield code="4">650</subfield>
  </datafield>
  <datafield tag="791" ind1="0" ind2="2">
    <subfield code="a">Arte e universit ̉dei fabbricanti</subfield>
    <subfield code="c"> &lt;Firenze&gt;</subfield>
    <subfield code="3">15575</subfield>
    <subfield code="z">Universit ̉dei fabbricanti &lt;Firenze&gt;</subfield>
  </datafield>
  <datafield tag="791" ind1="0" ind2="2">
    <subfield code="a">arte dei fabbricanti</subfield>
    <subfield code="c"> &lt;Firenze&gt;</subfield>
    <subfield code="3">26561</subfield>
    <subfield code="z">Universit ̉dei fabbricanti &lt;Firenze&gt;</subfield>
  </datafield>
  <datafield tag="791" ind1="0" ind2="0">
    <subfield code="a">Tosius, Franciscus</subfield>
    <subfield code="3">IT\ICCU\CNCT\005596</subfield>
    <subfield code="z">Tosi, Francesco</subfield>
  </datafield>
  <datafield tag="801" ind1=" " ind2="3">
    <subfield code="a">IT</subfield>
    <subfield code="b">ICCU</subfield>
    <subfield code="c">20201115</subfield>
  </datafield>
  <datafield tag="899" ind1=" " ind2=" ">
    <subfield code="a">Biblioteca civica. Padova</subfield>
    <subfield code="1">PD0090</subfield>
    <subfield code="2">PUV 55</subfield>
  </datafield>
</record>
</collection>
